<record><leader>00000cas a22000001a 4500</leader><controlfield tag="001">32784593</controlfield><controlfield tag="007">hd afu---baca</controlfield><controlfield tag="007">hd bfu---baaa</controlfield><controlfield tag="008">950710d18681901miudn nea     0    0eng c</controlfield><datafield ind1=" " ind2=" " tag="010"><subfield code="a">sn 94092710 </subfield></datafield><datafield ind1=" " ind2=" " tag="040"><subfield code="a">NN</subfield><subfield code="b">eng</subfield><subfield code="c">RQM</subfield><subfield code="d">MHN</subfield><subfield code="d">OCLCQ</subfield><subfield code="d">OCLCF</subfield><subfield code="d">OCLCO</subfield></datafield><datafield ind1=" " ind2=" " tag="012"><subfield code="i">9507</subfield></datafield><datafield ind1="1" ind2=" " tag="029"><subfield code="a">AU@</subfield><subfield code="b">000011871381</subfield></datafield><datafield ind1=" " ind2=" " tag="042"><subfield code="a">pcc</subfield></datafield><datafield ind1=" " ind2=" " tag="043"><subfield code="a">n-us-mi</subfield></datafield><datafield ind1="0" ind2="0" tag="245"><subfield code="a">Kalamazoo daily telegraph</subfield><subfield code="h">[microform].</subfield></datafield><datafield ind1="3" ind2=" " tag="246"><subfield code="a">Kalamazoo Saturday telegraph</subfield></datafield><datafield ind1="1" ind2="3" tag="246"><subfield code="a">Daily telegraph</subfield></datafield><datafield ind1=" " ind2=" " tag="260"><subfield code="a">Kalamazoo, Mich. :</subfield><subfield code="b">Stone Bros.</subfield></datafield><datafield ind1=" " ind2=" " tag="300"><subfield code="a">v. :</subfield><subfield code="b">ill. ;</subfield><subfield code="c">67 cm.</subfield></datafield><datafield ind1=" " ind2=" " tag="310"><subfield code="a">Daily (except Sun.)</subfield></datafield><datafield ind1="0" ind2=" " tag="362"><subfield code="a">Vol. 1, no. 1 (Apr. 6, 1868)-v. 23, no. 30 (Sept. 28, 1891) ; 23rd yr. (Sept 29, 1891)-33rd yr. (Apr. 27, 1901).</subfield></datafield><datafield ind1=" " ind2=" " tag="500"><subfield code="a">Sat. ed. called: Kalamazoo Saturday telegraph.</subfield></datafield><datafield ind1=" " ind2=" " tag="500"><subfield code="a">Republican. Cf. Ayer, 1901.</subfield></datafield><datafield ind1=" " ind2=" " tag="500"><subfield code="a">Publishers: Stone Bros., &lt;1868&gt;; Kalamazoo Telegraph Co., &lt;1874&gt;; Kalamazoo Pub. Co., &lt;1876&gt;; Kalamazoo Telegraph Co., &lt;1889&gt;.</subfield></datafield><datafield ind1=" " ind2=" " tag="515"><subfield code="a">Whole numbering designation added: &lt;Vol. 2, no. 2 (Apr. 7, 1869) = whole no. 312&gt;. Some issues lack year designation.</subfield></datafield><datafield ind1=" " ind2=" " tag="580"><subfield code="a">Weekly ed.: Kalamazoo telegraph (Kalamazoo, Mich. : 1857), then: Kalamazoo weekly telegraph.</subfield></datafield><datafield ind1=" " ind2=" " tag="580"><subfield code="a">Semiweekly ed.: Kalamazoo semi-weekly telegraph.</subfield></datafield><datafield ind1=" " ind2=" " tag="533"><subfield code="a">Microfilm.</subfield><subfield code="m">Jan. 4-Oct. 5,1875:[Gaps]</subfield><subfield code="b">New York :</subfield><subfield code="c">New York Public Library,</subfield><subfield code="d">[19--].</subfield><subfield code="e">microfilm reels ; 35 mm.</subfield></datafield><datafield ind1=" " ind2="0" tag="651"><subfield code="a">Kalamazoo (Mich.)</subfield><subfield code="v">Newspapers.</subfield></datafield><datafield ind1=" " ind2="7" tag="655"><subfield code="a">Newspapers.</subfield><subfield code="2">fast</subfield><subfield code="0">(OCoLC)fst01423814</subfield></datafield><datafield ind1=" " ind2="7" tag="651"><subfield code="a">Michigan</subfield><subfield code="z">Kalamazoo.</subfield><subfield code="2">fast</subfield><subfield code="0">(OCoLC)fst01204469</subfield></datafield><datafield ind1=" " ind2=" " tag="752"><subfield code="a">United States</subfield><subfield code="b">Michigan</subfield><subfield code="c">Kalamazoo</subfield><subfield code="d">Kalamazoo.</subfield></datafield><datafield ind1="1" ind2=" " tag="775"><subfield code="t">Kalamazoo telegraph (Kalamazoo, Mich.)</subfield></datafield><datafield ind1="1" ind2=" " tag="775"><subfield code="t">Kalamazoo weekly telegraph</subfield></datafield><datafield ind1="1" ind2=" " tag="775"><subfield code="t">Kalamazoo semi-weekly telegraph</subfield></datafield><datafield ind1="1" ind2=" " tag="776"><subfield code="c">Original</subfield><subfield code="w">(DLC)sn 83016313</subfield><subfield code="w">(OCoLC)9712537</subfield></datafield><datafield ind1="0" ind2="0" tag="785"><subfield code="t">Kalamazoo evening telegraph</subfield></datafield><datafield ind1=" " ind2=" " tag="850"><subfield code="a">NN</subfield><subfield code="a">NN (master)</subfield></datafield></record>